@article{leibbrandt2009methodology,
	Author = {Leibbrandt, Murray and Woolard, Ingrid and de Villiers, Louise},
	Journal = {Technical paper},
	Title = {Methodology: Report on NIDS wave 1},
	Volume = {1},
	Year = {2009}
}

@manual{saldru2008nids,
	Author = {{Southern Africa Labour and Development Research Unit}},
	Title = {{National Income Dynamics Study, Wave 1}},
	Url = {http://www.nids.uct.ac.za/home/},
	Version = {5.3},
	Year = {2008}
}

@manual{saldru2012nids,
	Author = {{Southern Africa Labour and Development Research Unit}},
	Title = {{National Income Dynamics Study, Wave 2}},
	Url = {http://www.nids.uct.ac.za/home/},
	Version = {2.3},
	Year = {2012}
}

@manual{saldru2013nids,
	Author = {{Southern Africa Labour and Development Research Unit}},
	Title = {{National Income Dynamics Study, Wave 3}},
	Url = {http://www.nids.uct.ac.za/home/},
	Version = {1.3},
	Year = {2013}
}

@article{bertrand2004much,
	Author = {Bertrand, Marianne and Duflo, Esther and Mullainathan, Sendhil},
	Journal = {The Quarterly Journal of Economics},
	Number = {1},
	Pages = {249--275},
	Publisher = {Oxford University Press},
	Title = {How much should we trust differences-in-differences estimates?},
	Volume = {119},
	Year = {2004}
}

@article{standage2006connecting,
	Author = {Tom Standage},
	Date-Modified = {2006-12-28},
	Journal = {The Economist-The World in 2006},
	Pages = {117},
	Title = {Connecting the next billion},
	Url = {http://www.economist.com/node/5134746},
	Year = {2006}
}

@article{otlogetswe2010setswana,
	Author = {Thapelo J. Otlogetswe},
      	Title = {Setswana Google is here!},
	Date-Modified = {2010-08-13},
	Journal = {T.J. Otlogetswe Blog},
	Url = {http://otlogetswe.com/2010/08/13/setswana-google-here/},
	Year = {2010}
}

@article{sanou2015world,
	title={The World in 2015: ICT facts and figures},
	author={Brahima Sanou},
	journal={International Telecommunications Union},
	year={2015}
}




@article{wickham2014tidy,
	author = {Hadley  Wickham},
	title = {Tidy Data},
	journal = {Journal of Statistical Software},
	volume = {59},
	number = {1},
	year = {2014},
	pages = {1--23},
	doi = {10.18637/jss.v059.i10},
	url = {http://www.jstatsoft.org/index.php/jss/article/view/v059i10}
}

@Manual{wickham2015dplyr,
	title = {dplyr: A Grammar of Data Manipulation},
	author = {Hadley Wickham and Romain Francois},
	year = {2015},
	note = {R package version 0.4.3},
	url = {https://CRAN.R-project.org/package=dplyr}
}

@article{croissant2013pglm,
	title={pglm: Panel Generalized Linear Model},
	author={Yves Croissant},
	journal={R package version 0.1-2},
	url = {http://CRAN. R-project.org/package= pglm},
	year={2013}
}

@article{croissant2008plm,
	Author = {Yves Croissant and Giovanni Millo and others},
	Journal = {Journal of Statistical Software},
	Number = {2},
	Pages = {1--43},
	Title = {Panel data econometrics in R: The plm package},
	Volume = {27},
	Year = {2008}
}

@book{venables2013Splus,
	title={Modern applied statistics with S-PLUS},
	author={William N Venables and Brain D. Ripley},
	year={2013},
	publisher={Springer Science \& Business Media}
}

@manual{R,
	Address = {Vienna, Austria},
	Author = {{R Core Team}},
	Organization = {R Foundation for Statistical Computing},
	Title = {R: A Language and Environment for Statistical Computing},
	Url = {http://www.R-project.org/},
	Year = {2016}
}

@book{xie2015knitr,
	title = {Dynamic Documents with R and knitr},
	author = {Yihui Xie},
	volume = {29},
	year = {2015},
	publisher = {Chapman and Hall/CRC},
	isbn = {978-1498716963},
	url = {http://yihui.name/knitr/}
}

@inproceedings{leisch2002sweave,
	title={Sweave: Dynamic generation of statistical reports using literate data analysis},
	author={Leisch, Friedrich},
	booktitle={Compstat},
	pages={575--580},
	year={2002},
	organization={Springer}
}

@book{lamport1985latex,
	title={I1 ($\backslash$ LaTeX)---A Document},
	author={Lamport, Leslie},
	volume={410},
	year={1985},
	publisher={pub-AW}
}

@manual{lyx,
	Author = {{LyX Team}},
	Title = {LyX},
	Url = {http://www.lyx.org/},
	Year = {2016},
	Organization = {Free Software Foundation, Inc.},
	Address = {51 Franklin Street, Fifth Floor, Boston, MA 02110-1301, USA}
}

@manual{luatex,
	Author = {Taco Hoekwater and Hartmut Henkel and Hans Hagen},
	Title = {LuaTeX},
	Url = {http://www.luatex.org/},
	Year = {2016}
}

@manual{git,
	Author = {{Git Team}},
	Title = {Git: Software Code Manager},
	Year = {2016},
	Url = {http://www.git-scm.org/},
	Organisation = {Software Freedom Conservancy},
	Address = {137 Montague ST STE 380, Brooklyn, NY 11201-3548}	
}